@article{krusell1998income,
  title={Income and wealth heterogeneity in the macroeconomy},
  author={Krusell, Per and Smith, Jr, Anthony A},
  journal={Journal of political Economy},
  volume={106},
  number={5},
  pages={867--896},
  year={1998},
  publisher={The University of Chicago Press}
}